@book{Wolfram,
    Author = "Wolfram, Stephen",
    Title = "A New Kind of Science",
    Year = "2002",
    Publisher = "Wolfram Media",
    ISBN = "1579550088",
    URL = "https://www.wolframscience.com",
    Language = "English"
}
@misc{mygit,
    title = "github.com/dmcki23/",
    author = "Daniel McKinley",
    year = "2024",
}

@article{hashSchemes,
    author = "Jun-Cheol Jeon",
    title = "Analysis of Hash Functions and Cellular Automata Based Schemes",
    journal = "International Journal of Security and Its Applications",
    year = "2013",
}
